@book{gelman2006data,
  title={Data analysis using regression and multilevel/hierarchical models},
  author={Gelman, Andrew and Hill, Jennifer},
  year={2006},
  publisher={Cambridge university press}
}

@article{diaconis1987dynamical,
  title={The dynamical bias in the coin toss},
  author={Diaconis, Persi and Holmes, Susan and Montgomery, Richard},
  journal={SIAM review},
  volume={49},
  number={2},
  pages={211--235},
  year={2007},
  publisher={SIAM}
}

@book{mccullagh1989generalized,
  title={Generalized linear models},
  author={McCullagh, Peter and Nelder, John A},
  year={1989},
  publisher={Chapman and Hall/CRC}
}

@book{agresti2015foundations,
  title={Foundations of linear and generalized linear models},
  author={Agresti, Alan},
  year={2015},
  publisher={John Wiley \& Sons}
} 